<?xml version="1.0" encoding="UTF-8"?>
<collection xmlns:xsi="http://www.w3.org/2001/XMLSchema-instance" xsi:schemaLocation="http://www.loc.gov/MARC21/slim http://www.loc.gov/standards/marcxml/schema/MARC21slim.xsd" xmlns="http://www.loc.gov/MARC21/slim">
<record>
  <leader>01103cam a22002651  4500</leader>
  <controlfield tag="001">2958147</controlfield>
  <controlfield tag="003">NNC</controlfield>
  <controlfield tag="005">20130426002617.0</controlfield>
  <controlfield tag="008">010212s1934    ua            000 0 ara d</controlfield>
  <datafield tag="035" ind1=" " ind2=" ">
    <subfield code="a">(OCoLC)ocm45895482</subfield>
  </datafield>
  <datafield tag="035" ind1=" " ind2=" ">
    <subfield code="9">ASK3251CU</subfield>
  </datafield>
  <datafield tag="035" ind1=" " ind2=" ">
    <subfield code="a">(NNC)2958147</subfield>
  </datafield>
  <datafield tag="040" ind1=" " ind2=" ">
    <subfield code="a">ZCU</subfield>
    <subfield code="c">ZCU</subfield>
  </datafield>
  <datafield tag="090" ind1=" " ind2=" ">
    <subfield code="a">BP130.1</subfield>
    <subfield code="b">.I315 1934b</subfield>
  </datafield>
  <datafield tag="100" ind1="1" ind2=" ">
    <subfield code="a">Ibn Khālawayh, Ḥusayn ibn Aḥmad,</subfield>
    <subfield code="d">-980 or 981.</subfield>
  </datafield>
  <datafield tag="245" ind1="1" ind2="0">
    <subfield code="a">Kitāb al-qirāʾāt al-shādhdhah /</subfield>
    <subfield code="c">taʾlīf Abī ʻAbd Alḷāh al-Ḥusayn ibn Aḥmad ibn Khālawayh ; ʻuniya bi-nashrihī wa-taṣḥīḥihī G. Bergsträsser. --</subfield>
  </datafield>
  <datafield tag="260" ind1=" " ind2=" ">
    <subfield code="a">Miṣr :</subfield>
    <subfield code="b">al-Maṭbaʻah al-Raḥmānīyah,</subfield>
    <subfield code="c">1934.</subfield>
  </datafield>
  <datafield tag="300" ind1=" " ind2=" ">
    <subfield code="a">6, 228 p. ;</subfield>
    <subfield code="c">25 cm. --</subfield>
  </datafield>
  <datafield tag="490" ind1="1" ind2=" ">
    <subfield code="a">Nashrīyāt al-Islamīc yah - Jamʻīyat al-Mustashriqīn al-Almānīyah ;</subfield>
    <subfield code="v">6</subfield>
  </datafield>
  <datafield tag="630" ind1="0" ind2="0">
    <subfield code="a">Qurʼan</subfield>
    <subfield code="x">Readings.</subfield>
  </datafield>
  <datafield tag="730" ind1="0" ind2=" ">
    <subfield code="a">Kitāb al-qirā āt al-shādhdhah.</subfield>
  </datafield>
  <datafield tag="700" ind1="1" ind2=" ">
    <subfield code="a">Bergsträsser, Gotthelf,</subfield>
    <subfield code="d">1886-1933,</subfield>
    <subfield code="e">editor.</subfield>
  </datafield>
  <datafield tag="730" ind1="0" ind2=" ">
    <subfield code="a">Badī' fī al qirā' āt.</subfield>
  </datafield>
  <datafield tag="830" ind1=" " ind2="0">
    <subfield code="a">Nashrīyāt al-Islamīc yah - Jamʻīyat al-Mustashriqīn al-Almānīyah ;</subfield>
    <subfield code="v">6.</subfield>
  </datafield>
  <datafield tag="955" ind1=" " ind2=" ">
    <subfield code="b">CU55321313</subfield>
    <subfield code="d">off,glx</subfield>
    <subfield code="e">BP130.1 .I315 1934b</subfield>
  </datafield>
</record>
</collection>